%               Friday 23 November 2012 

BibTeX file
note            BibTeX-file
author          F. de Sande, fsande AT ull.es,
version         1.00,
date            23 April 2003,
filename        /home/sande/BIBLIOGRAFIA.bib,
keywords        bibliography, BibTeX, Parallel, OpenMP, MPI, Internet, Linux,,
Last update     2008/04/29 Ignorar comentarios, pretty printing
vim:ts=2:sw=2:expandtab:tw=80:fo=tcroq
vim:set fileencoding=utf8:set nu
====================================================================
%TFG Cap 1: Goals.

@Misc{URL::Android,
  title         = {{Sistema operativo de Android}},
  howpublished = "[\url{https://www.android.com/}]",
  note          = {[Disponible electrónicamente.
                  Último acceso, julio de 2019]},
}




@Misc{URL::importGradle,
  title         = {{Dependencia Gradle de AltBeacon}},
 howpublished = "[\url{{https://altbeacon.github.io/android-beacon-library/configure.html}}]",
  note          = {[Disponible electrónicamente.
                  Último acceso, julio de 2019]},
}

@Misc{URL::GooglePlay,
  title         = {{Google Play}},
 howpublished = "[\url{https://play.google.com/store}]",
  note          = {[Disponible electrónicamente.
                  Último acceso, julio de 2019]},
}



@Misc{URL::repositorioAplicacion,
  title         = {{Repositorio Github del proyecto ULL-AR}},
  howpublished = "[\url{https://github.com/alehdezp/TFG-ULL-AR}]",
  note          = {[Disponible electrónicamente.
                  Último acceso, julio de 2019]},
}


@Misc{URL::Github,
  title         = {{Repositorio Github}},
  howpublished = "[\url{https://github.com/}]",
  note          = {[Disponible electrónicamente.
                  Último acceso, julio de 2019]},
}


@Misc{URL::Latex,
  title         = {{Latex}},
  howpublished = "[\url{https://www.latex-project.org/}]",
  note          = {[Disponible electrónicamente.
                  Último acceso, julio de 2019]},
}

@Misc{URL::IntelliJIDEA,
  title         = {{IntelliJ IDEA}},
  howpublished = "[\url{https://www.jetbrains.com/idea/}]",
  note          = {[Disponible electrónicamente.
                  Último acceso, julio de 2019]},
}


@Misc{URL::Gradle,
  title         = {{Gradle}},
  howpublished = "[\url{http://gradle.org/}]",
  note          = {[Disponible electrónicamente.
                  Último acceso, julio de 2019]},
}


@Misc{URL::nosql,
  title         = {{Tecnología NoSQL}},
 howpublished = "[\url{https://es.wikipedia.org/wiki/NoSQL}]",
  note          = {[Disponible electrónicamente.
                  Último acceso, julio de 2019]},
}


@Misc{URL::GPS,
  title         = {{Sistema de Posicionamiento global}},
 howpublished = "[\url{https://es.wikipedia.org/wiki/Sistema_de_posicionamiento_global}]",
  note          = {
                  [Disponible electrónicamente.
                  Último acceso, julio de 2019]},
}

@Misc{URL::GoogleGlass,
  title         = {{Google Glass}},
   howpublished = "[\url{https://es.wikipedia.org/wiki/Google_Glass}]",
  note          = {
                  [Disponible electrónicamente.
                  Último acceso, julio de 2019]},

}


@Misc{URL::ImageRegister,
  title         = {{Registro de Imagenes}},
  howpublished  = "[\url{ https://es.wikipedia.org/wiki/Registro_de_la_imagen}]",
  note          = {[Disponible electrónicamente. Último acceso, julio de 2019]},
}

@Misc{URL::CodigoQR,
  title         = {{CodigoQR}},
  howpublished = "[\url{ https://es.wikipedia.org/wiki/Codigo_QR}]",
  note          = {[Disponible electrónicamente. Último acceso, julio de 2019]},
}


@Misc{URL::VR,
  title         = {{Realidad Virtual}},
  howpublished = "[\url{ https://es.wikipedia.org/wiki/Realidad_virtual}]",
  note          = {[Disponible electrónicamente.
                  Último acceso, julio de 2019]},
}


@Misc{URL::RM,
  title         = {{Relidad Mixta}},
  howpublished = "[\url{ https://es.wikipedia.org/wiki/Realidad_mixta}]",
  note          = {[Disponible electrónicamente.
                  Último acceso, julio de 2019]},
}


@Misc{URL::Pokemon-Go,
  title         = {{Pokemón Go!}},
  howpublished = "[\url{ https://pokemongolive.com/es/}]",
  note          = {[Disponible electrónicamente.
                  Último acceso, julio de 2019]},
}



@Misc{URL::Pokemon,
  title         = {{Pokemón}},
  howpublished = "[\url{ https://es.wikipedia.org/wiki/Pokemon}]",
  note          = {[Disponible electrónicamente.
                  Último acceso, julio de 2019]},
}


@Misc{URL::ChromeV8,
  title         = {{Chrome V8}},
  howpublished = "[\url{ https://es.wikipedia.org/wiki/Chrome_V8}]",
  note          = {[Disponible electrónicamente.
                  Último acceso, julio de 2019]},
}


@Misc{URL::Nodejs,
  title         = {{Node.js}},
  howpublished = "[\url{ https://nodejs.org/en/}]",
  note          = {[Disponible electrónicamente.
                  Último acceso, julio de 2019]},
}

@Misc{URL::EventLoop,
  title         = {{Event Loop}},
  howpublished = "[\url{ https://nodejs.org/de/docs/guides/event-loop-timers-and-nexttick/}]",
  note          = {[Disponible electrónicamente.
                  Último acceso, julio de 2019]},
}



@Misc{URL::npm,
  title         = {{Node Package Manager}},
  howpublished = "[\url{ https://es.wikipedia.org/wiki/Npm}]",
  note          = {[Disponible electrónicamente.
                  Último acceso, julio de 2019]},
}



@Misc{URL::MongoDB,
  title         = {{MongoDB}},
  howpublished = "[\url{ https://www.mongodb.com/what-is-mongodb?lang=es-es}]",
  note          = {[Disponible electrónicamente.
                  Último acceso, julio de 2019]},
}



@Misc{URL::BSON,
  title         = {{Formato BSON}},
  howpublished = "[\url{ https://es.wikipedia.org/wiki/BSON?lang=es-es}]",
  note          = {[Disponible electrónicamente.
                  Último acceso, julio de 2019]},
}



@Misc{URL::Sharding,
  title         = {{El Sharding}},
  howpublished = "[\url{ https://blog.forocoin.net/que-es-el-sharding/}]",
  note          = {[Disponible electrónicamente.
                  Último acceso, julio de 2019]},
}



@Misc{URL::JoinSQL,
  title         = {{Join SQL}},
  howpublished = "[\url{ https://es.wikipedia.org/wiki/Join}]",
  note          = {[Disponible electrónicamente.
                  Último acceso, julio de 2019]},
}


@Misc{URL::RealidadAumentada,
  title         = {{Realidad Aumentada}},
  howpublished = "[\url{https://es.wikipedia.org/wiki/Realidad_aumentada}]",
  note          = {[Disponible electrónicamente.
                  Último acceso, julio de 2019]},
}

@Misc{URL::PaaS,
  title         = {{PaaS}},
  howpublished = "[\url{https://en.wikipedia.org/wiki/Platform_as_a_service}]",
  note          = {[Disponible electrónicamente.
                  Último acceso, julio de 2019]},
}

@Misc{URL::Heroku,
  title         = {{Heroku}},
  howpublished = "[\url{ https://www.heroku.com/home}]",
  note          = {[Disponible electrónicamente.
                  Último acceso, julio de 2019]},
}



@Misc{URL::aws,
  title         = {{Amazon Web Services}},
  howpublished = "[\url{ https://aws.amazon.com/es/}]",
  note          = {[Disponible electrónicamente.
                  Último acceso, julio de 2019]},
}


@Misc{URL::GoogleCloud,
  title         = {{Google Cloud}},
  howpublished = "[\url{ https://cloud.google.com/?hl=es}]",
  note          = {[Disponible electrónicamente.
                  Último acceso, julio de 2019]},
}


@Misc{URL::Azure,
  title         = {{Azure}},
  howpublished = "[\url{ https://azure.microsoft.com/es-es/}]",
  note          = {[Disponible electrónicamente.
                  Último acceso, julio de 2019]},
}




@Misc{URL::GoogleMapsApi,
  title         = {{Google Maps API}},
  howpublished = "[\url{https://developers.google.com/maps/
documentation/android-api}]",
  note          = {[Disponible electrónicamente.
                  Último acceso, julio de 2019]},
}



@Misc{URL::IDE,
  title         = {{IDE}},
  howpublished = "[\url{https://es.wikipedia.org/wiki/Entorno_de_desarrollo_integrado}]",
  note          = {[Disponible electrónicamente.
                  Último acceso, julio de 2019]},
}



@Misc{URL::NavigationDraw,
  title         = {{Navigation Drawer}},
  howpublished = "[\url{https://material.io/design/components/navigation-drawer.html}]",
  note          = {[Disponible electrónicamente.
                  Último acceso, julio de 2019]},
}




@Misc{URL::SplashScreen,
  title         = {{Splash Screen}},
  howpublished = "[\url{https://en.wikipedia.org/wiki/Splash_screen}]",
  note          = {[Disponible electrónicamente.
                  Último acceso, julio de 2019]},
}


@Misc{URL::HerokuCLI,
  title         = {{Instalación Heroku}},
  howpublished = "[\url{https://devcenter.heroku.com/articles/heroku-cli}]",
  note          = {[Disponible electrónicamente.
                  Último acceso, julio de 2019]},
}


@Misc{URL::SDK,
  title         = {{Kit de desarrollo de software}},
  howpublished = "[\url{https://es.wikipedia.org/wiki/Kit_de_desarrollo_de_software}]",
  note          = {[Disponible electrónicamente.
                  Último acceso, julio de 2019]},
}


@Misc{URL::SLAM,
  title         = {{SLAM}},
  howpublished = "[\url{https://es.wikipedia.org/wiki/Localización_y_modelado_simultáneos}]",
  note          = {[Disponible electrónicamente.
                  Último acceso, julio de 2019]},
}



@Misc{URL::AprendizajeUbicuo,
  title         = {{Aprendizaje ubicuo}},
  howpublished = "[\url{https://es.wikipedia.org/wiki/Aprendizaje_ubicuo}]",
  note          = {[Disponible electrónicamente.
                  Último acceso, julio de 2019]},
}

@Misc{URL::pixlr,
  title         = {{Pixlr}},
  howpublished = "[\url{https://pixlr.com/}]",
  note          = {[Disponible electrónicamente.
                  Último acceso, julio de 2019]},
}




@Misc{URL::Firebase,
  title         = {{Consola de Firebase}},
  howpublished = "[\url{https://console.firebase.google.com/}]",
  note          = {[Disponible electrónicamente.
                  Último acceso, julio de 2019]},
}




@Misc{URL::layout,
  title         = {{Layout Android}},
  howpublished = "[\url{https://developer.android.com/guide/topics/ui/declaring-layout?hl=es-419}]",
  note          = {[Disponible electrónicamente.
                  Último acceso, julio de 2019]},
}


@Misc{URL::fragment,
  title         = {{Fragmentos Android}},
  howpublished = "[\url{https://developer.android.com/guide/components/fragments?hl=es-419
}]",
  note          = {[Disponible electrónicamente.
                  Último acceso, julio de 2019]},
}




@Misc{URL::activity,
  title         = {{Activity Android}},
  howpublished = "[\url{https://developer.android.com/guide/components/activities.html?hl=ES}]",
  note          = {[Disponible electrónicamente.
                  Último acceso, julio de 2019]},
}

@Misc{URL::kudan,
  title         = {{Kudan}},
  howpublished = "[\url{https://www.kudan.io/}]",
  note          = {[Disponible electrónicamente.
                  Último acceso, julio de 2019]},
}

@Misc{URL::consoleGoogle,
  title         = {{Consola de Google}},
  howpublished = "[\url{https://console.developers.google.com/}]",
  note          = {[Disponible electrónicamente.
                  Último acceso, julio de 2019]},
}



@Misc{URL::recycler,
  title         = {{RecyclerView}},
  howpublished = "[\url{https://developer.android.com/guide/topics/ui/layout/recyclerview}]",
  note          = {[Disponible electrónicamente.
                  Último acceso, julio de 2019]},
}



@Misc{URL::animationeco,
  title         = {{Animating eco-education: To see, feel, and discover in an augmented reality-based experiential learning environment.}},
  howpublished = "[\url{https://www.sciencedirect.com/science/article/pii/S0360131516300288}]",
  note          = {[Disponible electrónicamente.
                  Último acceso, julio de 2019]},
}



@Misc{URL::ar1,
  title         = {{Production and Evaluation of Educational Material Using Augmented Reality for Teaching the Module of “Representation of the Information on Computers” in Junior High School}},
  howpublished = "[\url{https://developer.android.com/guide/topics/ui/layout/recyclerview}]",
  note          = {[Disponible electrónicamente.
                  Último acceso, julio de 2019]},
}

@Misc{URL::ar2,
  title         = {{Augmented Reality Trends in Education : A Systematic Review of Research and Applications.}},
  howpublished = "[\url{http://disde.minedu.gob.pe/handle/123456789/5029}]",
  note          = {[Disponible electrónicamente.
                  Último acceso, julio de 2019]},
}


@Misc{URL::sandbox,
  title         = {{AR Sandbox}},
  howpublished = "[\url{https://arsandbox.ucdavis.edu/}]",
  note          = {[Disponible electrónicamente.
                  Último acceso, julio de 2019]},
}



@Misc{URL::hololens,
  title         = {{Gafas de Microsoft Hololens}},
  howpublished = "[\url{https://www.microsoft.com/es-es/hololens}]",
  note          = {[Disponible electrónicamente.
                  Último acceso, julio de 2019]},
}

@Misc{URL::carRa,
  title         = {{Fabricación de un coche de carreras mediante el uso RA}},
  howpublished = "[\url{}]",
  note          = {[Disponible electrónicamente.
                  Último acceso, julio de 2019]},
}


@Misc{URL::AndroidStudio,
  title         = {{Android Studio}},
  howpublished = "[\url{https://developer.android.com/studio/index.html}]",
  note          = {[Disponible electrónicamente.
                  Último acceso, julio de 2019]},
}


@Misc{URL::Unity,
  title         = {{Unity}},
  howpublished = "[\url{https://unity.com/es}]",
  note          = {[Disponible electrónicamente.
                  Último acceso, julio de 2019]},
}


@Misc{URL::vuforia,
  title         = {{Página web de Vuforia}},
  howpublished = "[\url{https://developer.vuforia.com/}]",
  note          = {[Disponible electrónicamente.
                  Último acceso, julio de 2019]},
}


@Misc{URL::maxst,
  title         = {{Página web de Maxst}},
  howpublished = "[\url{https://developer.maxst.com/}]",
  note          = {[Disponible electrónicamente.
                  Último acceso, julio de 2019]},
}

@Misc{URL::serverside,
  title         = {{Lenguajes de programación del lado del servidor}},
  howpublished = "[\url{https://es.wikipedia.org/wiki/Script_del_lado_del_servidor}]",
  note          = {[Disponible electrónicamente.
                  Último acceso, julio de 2019]},
}

@Misc{URL::gsuite,
  title         = {{GSuite de Google}},
  howpublished = "[\url{https://gsuite.google.com/intl/es/}]",
  note          = {[Disponible electrónicamente.
                  Último acceso, julio de 2019]},
}


@Misc{URL::googleplayconsole,
  title         = {{Google Play Console}},
  howpublished = "[\url{https://developer.android.com/distribute/console?hl=es}]",
  note          = {[Disponible electrónicamente.
                  Último acceso, julio de 2019]},
}

@Misc{URL::beacon,
  title         = {{Beacon}},
  howpublished = "[\url{https://es.wikipedia.org/wiki/Beacon}]",
  note          = {[Disponible electrónicamente.
                  Último acceso, julio de 2019]},
}

@Misc{URL::servidorULLAR,
  title         = {{Servidor de ULL-AR}},
  howpublished = "[\url{https://server-ull-AR.herokuapp.com}]",
  note          = {[Disponible electrónicamente.
                  Último acceso, julio de 2019]},
}

