@BOOK{Darwin:1859,
   author     = {Darwin, C.},
   title     = {{The Origin Of Species}},
   month     = {November},
   year       = {1859}
}

@MISC{URL:XML,
   title     = {{ACM LaTeX Style}},
   note      = {http://www.acm.org/publications/latex\_style/}
}

@ARTICLE{Bailey,
   author = {D. H. Bailey and P. Swarztrauber},
   title = {The fractional {F}ourier transform and applications},
   journal = {SIAM Rev.},
   volume = 33,
   number = 3,
   pages = {389--404},
   year = 1991
   }

@ARTICLE{Bay1,
   author = {A. Bayliss and C. I. Goldstein and E. Turkel},
   title = {An iterative method for the {H}elmholtz equation},
   journal = {J. Comp. Phys.},
   volume = 49,
   pages = {443--457},
   year = 1983
   }

@TECHREPORT{Fujitsu,
   title = { {FACOM OS IV SSL II USER'S GUIDE, 99SP0050E5}},
   organization = {Fujitsu},
   year = 1990
   }

@ARTICLE{Gold3,
   author = {C. Goldstein},
   title = {Multigrid methods for elliptic problems in unbounded domains},
   journal = {SIAM J. Numer. Anal.},
   volume = 30,
   pages = {159--183},
   year = 1993
   }

@INBOOK{Swa82,
   author = {P. Swarztrauber},
   title = {Vectorizing the {FFTs}},
   editor = {G. Rodriguez},
   booktitle = {Parallel Computations},
   publisher = {Academic Press, New York},
   year = 1982
   }

@PHDTHESIS{Ta84,
   author = {S. Ta\'asan},
   title = {Multigrid Methods for Highly Oscillatory Problems},
   school = {Weizmann Institute of Science, Rehovot, Israel},
   year = 1984
   }

